<?xml version="1.0" encoding="UTF-8"?><collection xmlns="http://www.loc.gov/MARC21/slim"><record><leader>00506nam--2200145-i-4500</leader><controlfield tag="001">000016242</controlfield><controlfield tag="002">20161230</controlfield><controlfield tag="005">20170304174633</controlfield><controlfield tag="008">060222s1000------------r-----000-0-eng-d</controlfield><datafield ind1=" " ind2=" " tag="100"><subfield code="a">Borde, Christian</subfield></datafield><datafield ind1=" " ind2=" " tag="245"><subfield code="a">Contribution a la spectroscopiie d absorption saturee des molecules. Application a la stabil isation en frequence des lasers a gaz carbonin ique et a protoxyde d azote</subfield><subfield code="b">these</subfield></datafield><datafield ind1=" " ind2=" " tag="260"><subfield code="a">Paris</subfield><subfield code="b">Universite</subfield><subfield code="c">1972</subfield></datafield><datafield ind1=" " ind2=" " tag="300"><subfield code="a">275 p</subfield></datafield><datafield ind1=" " ind2=" " tag="852"><subfield code="a">621.375.826(043)</subfield></datafield><datafield ind1=" " ind2=" " tag="CAT"><subfield code="a">SYS</subfield><subfield code="c">20170304</subfield><subfield code="h">174633</subfield></datafield></record></collection>